@article{shahinpoor2001smartmat,
 author={Mohsen Shahinpoor and Kwang J Kim},
  title={Ionic polymer-metal composites: I. Fundamentals},
  journal={Smart Materials and Structures},
  volume={10},
  number={4},
  pages={819},
  year={2001}
}

@article{wallmersperger2007appliedphysics,
  title = "Transport modeling in ionomeric polymer transducers and its relationship to electromechanical coupling",
  author = "Wallmersperger, Thomas and Leo, Donald J. and Kothera, Curt S.",
  journal = "Journal of Applied Physics",
  year = "2007",
  volume = "101",
  number = "2",
  pages = "024912"
}

@article{pugal2010polymer,
  title={{Ionic polymer-metal composite mechanoelectrical transduction: review and perspectives}},
  author={Pugal, D. and Jung, K. and Aabloo, A. and Kim, K.J.},
  journal={Polymer international},
  volume={59},
  number={3},
  pages={279--289},
  year={2010},
  publisher={John Wiley \& Sons}
}

@article{pugal2008appliedphysics,
  author = {Deivid Pugal and Kwang J. Kim and Andres Punning and Heiki Kasemagi and Maarja Kruusmaa and Alvo Aabloo},
  title = {A self-oscillating ionic polymer-metal composite bending actuator},
  publisher = {AIP},
  year = {2008},
  journal = {Journal of Applied Physics},
  volume = {103},
  number = {8},
  pages = {084908}
}

@conference{pugal2010spie,
author = {D. Pugal and S. J. Kim and K. J. Kim and K. K. Leang},
editor = {Yoseph Bar-Cohen},
collaboration = {},
title = {IPMC: recent progress in modeling, manufacturing, and new applications},
publisher = {SPIE},
year = {2010},
journal = {Electroactive Polymer Actuators and Devices (EAPAD) 2010},
volume = {7642},
number = {1},
pages = {76420U}
}

@article{nasser2002applied,
  author = {Sia Nemat-Nasser},
  title = {Micromechanics of actuation of ionic polymer-metal composites},
  publisher = {AIP},
  year = {2002},
  journal = {Journal of Applied Physics},
  volume = {92},
  number = {5},
  pages = {2899-2915}
}

@article{newbury2003intelligent,
  title={{Linear electromechanical model of ionic polymer transducers-Part I: Model Development}},
  author={Newbury, K.M. and Leo, D.J.},
  journal={Journal of Intelligent Material Systems and Structures},
  volume={14},
  number={6},
  pages={333},
  year={2003}
}

@article{basu1997membrane,
  title={{An improved space-charge model for flow through charged microporous membranes}},
  author={Basu, S. and Sharma, M.M.},
  journal={Journal of Membrane Science},
  volume={124},
  number={1},
  pages={77--91},
  year={1997},
  publisher={Elsevier}
}

@Book{Hermes-book,
  author = {Solin, P. and Segeth, K. and Dolezel, I.},
  title = {Higher-Order Finite Element Methods},
  publisher = {Chapman \& Hall / CRC Press},
  year = {2003}
}

@Manual{Hermes-project,
  title =  {Hermes - Higher-Order Modular Finite Element System (User's Guide)},
  author = {Solin, P. and et al.},
  url =    {http://hpfem.org}
}

@article{solin2010monolithic,
  title={{Monolithic discretization of linear thermoelasticity problems via adaptive multimesh hp-FEM}},
  author={Solin, P. and Cerveny, J. and Dubcova, L. and Andrs, D.},
  journal={Journal of computational and applied mathematics},
  volume={234},
  number={7},
  pages={2350--2357},
  year={2010},
  publisher={Elsevier}
}

@article{solin2010adaptive,
  title={{Adaptive hp-FEM with dynamical meshes for transient heat and moisture transfer problems}},
  author={Solin, P. and Dubcova, L. and Kruis, J.},
  journal={Journal of computational and applied mathematics},
  volume={233},
  number={12},
  pages={3103--3112},
  year={2010},
  publisher={Elsevier}
}

@article{dubcova2010space,
  title={{Space and Time Adaptive Two-Mesh hp-Finite Element Method for Transient Microwave Heating Problems}},
  author={Dubcova, L. and Solin, P. and Cerveny, J. and Kus, P.},
  journal={Electromagnetics},
  volume={30},
  number={1},
  pages={23--40},
  year={2010},
  publisher={Taylor \& Francis}
}

@article{solin2010pde,
  title={{PDE-independent adaptive hp-FEM based on hierarchic extension of finite element spaces}},
  author={Solin, P. and Andrs, D. and Cerveny, J. and Simko, M.},
  journal={Journal of computational and applied mathematics},
  volume={233},
  number={12},
  pages={3086--3094},
  year={2010},
  publisher={Elsevier}
}

@article{solini2010adaptive,
  title={{Adaptive hp-FEM with arbitrary-level hanging nodes for Maxwellâ€™s equations}},
  author={Solin, P. and Dubcova, L. and Dolezel, I.},
  journal={Advances in Applied Mathematics and Mechanics},
  volume={2},
  number={4},
  pages={518--532},
  year={2010}
}
